<record xmlns="http://www.loc.gov/MARC21/slim">
   <leader>01154ccm a2200337 a 4500</leader>
   <controlfield tag="001">1330687</controlfield>
   <controlfield tag="008">901023s1985    enkuuau        n    eng d</controlfield>
   <datafield ind1=" " ind2=" " tag="010">
      <subfield code="a">   86751307 /M</subfield>
   </datafield>
   <datafield ind1="3" ind2="1" tag="028">
      <subfield code="a">ED 12077</subfield>
      <subfield code="b">Schott</subfield>
   </datafield>
   <datafield ind1="3" ind2="1" tag="028">
      <subfield code="a">12077</subfield>
      <subfield code="b">Schott</subfield>
   </datafield>
   <datafield ind1=" " ind2=" " tag="035">
      <subfield code="a">ocm13763212</subfield>
   </datafield>
   <datafield ind1=" " ind2=" " tag="040">
      <subfield code="a">DLC</subfield>
      <subfield code="b">eng</subfield>
      <subfield code="c">DLC</subfield>
   </datafield>
   <datafield ind1=" " ind2=" " tag="048">
      <subfield code="a">sa02</subfield>
      <subfield code="a">sb01</subfield>
      <subfield code="a">sc01</subfield>
   </datafield>
   <datafield ind1=" " ind2=" " tag="049">
      <subfield code="a">AEU</subfield>
      <subfield code="b">eng</subfield>
   </datafield>
   <datafield ind1="0" ind2="0" tag="050">
      <subfield code="a">M452</subfield>
      <subfield code="b">.G6457 op. 37 1985</subfield>
   </datafield>
   <datafield ind1="0" ind2=" " tag="090">
      <subfield code="a">M 452 G59 op.37 1985</subfield>
   </datafield>
   <datafield ind1="1" ind2=" " tag="100">
      <subfield code="a">Goehr, Alexander,</subfield>
      <subfield code="d">1932-</subfield>
   </datafield>
   <datafield ind1="1" ind2="0" tag="240">
      <subfield code="a">Quartets,</subfield>
      <subfield code="m">violins (2), viola, cello,</subfield>
      <subfield code="n">no. 3, op. 37</subfield>
   </datafield>
   <datafield ind1="0" ind2="0" tag="245">
      <subfield code="a">String quartet no. 3, op. 37 (1976)</subfield>
      <subfield code="h">[music] /</subfield>
      <subfield code="c">Alexander Goehr.</subfield>
   </datafield>
   <datafield ind1=" " ind2=" " tag="254">
      <subfield code="a">Study score. --</subfield>
   </datafield>
   <datafield ind1=" " ind2=" " tag="260">
      <subfield code="a">London ;</subfield>
      <subfield code="a">New York :</subfield>
      <subfield code="b">Schott,</subfield>
      <subfield code="c">c1985.</subfield>
   </datafield>
   <datafield ind1=" " ind2=" " tag="300">
      <subfield code="a">1 score (52 p.) ;</subfield>
      <subfield code="c">28 cm.</subfield>
   </datafield>
   <datafield ind1=" " ind2=" " tag="336">
      <subfield code="a">notated music</subfield>
      <subfield code="b">ntm</subfield>
      <subfield code="2">rdacontent</subfield>
   </datafield>
   <datafield ind1=" " ind2=" " tag="337">
      <subfield code="a">unmediated</subfield>
      <subfield code="b">n</subfield>
      <subfield code="2">rdamedia</subfield>
   </datafield>
   <datafield ind1="1" ind2=" " tag="490">
      <subfield code="a">Music of our time =</subfield>
      <subfield code="a">Musik unserer Zeit</subfield>
   </datafield>
   <datafield ind1=" " ind2=" " tag="500">
      <subfield code="a">Duration: 25:00.</subfield>
   </datafield>
   <datafield ind1=" " ind2=" " tag="500">
      <subfield code="a">Publisher's no.: ED 12077.</subfield>
   </datafield>
   <datafield ind1=" " ind2=" " tag="596">
      <subfield code="a">38</subfield>
   </datafield>
   <datafield ind1=" " ind2="0" tag="650">
      <subfield code="a">String quartets</subfield>
      <subfield code="v">Scores.</subfield>
   </datafield>
   <datafield ind1=" " ind2="0" tag="830">
      <subfield code="a">Musik unserer Zeit.</subfield>
   </datafield>
   <datafield ind1=" " ind2=" " tag="926">
      <subfield code="a">M 452 G59 op.37 1985</subfield>
      <subfield code="w">LC</subfield>
      <subfield code="c">1</subfield>
      <subfield code="i">000034685339</subfield>
      <subfield code="l">ON_SHELF</subfield>
      <subfield code="m">UABARD</subfield>
      <subfield code="p">$150.00</subfield>
      <subfield code="r">Y</subfield>
      <subfield code="s">Y</subfield>
      <subfield code="t">MUSICSCORE</subfield>
      <subfield code="u">10/24/1990</subfield>
      <subfield code="o">.STAFF. B0024690</subfield>
   </datafield>
</record>
